@comment{Query Results from the ADS Database


Retrieved 1 abstracts, starting with number 1.  Total number selected: 1.}

@comment{Query Results from the ADS Database


Retrieved 1 abstracts, starting with number 1.  Total number selected: 1.}

@comment{Query Results from the ADS Database


Retrieved 1 abstracts, starting with number 1.  Total number selected: 1.}

@comment{Query Results from the ADS Database


Retrieved 1 abstracts, starting with number 1.  Total number selected: 1.}

@comment{Query Results from the ADS Database


Retrieved 1 abstracts, starting with number 1.  Total number selected: 1.}

@comment{Query Results from the ADS Database


Retrieved 1 abstracts, starting with number 1.  Total number selected: 1.}

@comment{Query Results from the ADS Database


Retrieved 1 abstracts, starting with number 1.  Total number selected: 1.}

@comment{Query Results from the ADS Database


Retrieved 1 abstracts, starting with number 1.  Total number selected: 1.}

@comment{Query Results from the ADS Database


Retrieved 1 abstracts, starting with number 1.  Total number selected: 1.}

@comment{Query Results from the ADS Database


Retrieved 1 abstracts, starting with number 1.  Total number selected: 1.}

@comment{Query Results from the ADS Database


Retrieved 1 abstracts, starting with number 1.  Total number selected: 1.}

@comment{Query Results from the ADS Database


Retrieved 1 abstracts, starting with number 1.  Total number selected: 1.}

@comment{Query Results from the ADS Database


Retrieved 1 abstracts, starting with number 1.  Total number selected: 1.}

@comment{Query Results from the ADS Database


Retrieved 1 abstracts, starting with number 1.  Total number selected: 1.}

@comment{Query Results from the ADS Database


Retrieved 1 abstracts, starting with number 1.  Total number selected: 1.}

@comment{Query Results from the ADS Database


Retrieved 1 abstracts, starting with number 1.  Total number selected: 1.}

@comment{Query Results from the ADS Database


Retrieved 1 abstracts, starting with number 1.  Total number selected: 1.}

@comment{Query Results from the ADS Database


Retrieved 1 abstracts, starting with number 1.  Total number selected: 1.}

@comment{Query Results from the ADS Database


Retrieved 1 abstracts, starting with number 1.  Total number selected: 1.}

@comment{Query Results from the ADS Database


Retrieved 1 abstracts, starting with number 1.  Total number selected: 1.}

@comment{Query Results from the ADS Database


Retrieved 1 abstracts, starting with number 1.  Total number selected: 1.}

@string{june = {June}}

@article{1982MNRAS.199..883B,
 adsnote = {Provided by the SAO/NASA Astrophysics Data System},
 adsurl = {https://ui.adsabs.harvard.edu/abs/1982MNRAS.199..883B},
 author = {{Blandford}, R.~D. and {Payne}, D.~G.},
 doi = {10.1093/mnras/199.4.883},
 journal = {\mnras},
 keywords = {Astrophysics, Energy Transfer, Magnetohydrodynamic Flow, Momentum Transfer, Radio Jets (Astronomy), Stellar Mass Accretion, Angular Momentum, Black Holes (Astronomy), Critical Point, Disks (Shapes), Solar Corona, Astrophysics, Accretion Disks:Magnetohydrodynamics, Accretion Disks:Radio Jets, Radio Galaxies:Radio Jets},
 month = {Jun},
 pages = {883-903},
 title = {{Hydromagnetic flows from accretion disks and the production of radio jets.}},
 volume = {199},
 year = {1982}
}

@article{1988ApJ...332L..41K,
 adsnote = {Provided by the SAO/NASA Astrophysics Data System},
 adsurl = {https://ui.adsabs.harvard.edu/abs/1988ApJ...332L..41K},
 author = {{Kwan}, John and {Tademaru}, Eugene},
 doi = {10.1086/185262},
 journal = {\apjl},
 keywords = {Collimation, Pre-Main Sequence Stars, Radio Jets (Astronomy), Stellar Spectra, T Tauri Stars, Emission Spectra, Line Spectra, Stellar Envelopes, Stellar Magnetic Fields, Stellar Rotation, Stellar Winds, Astrophysics, MAGNETIC FIELDS, STARS: PRE--MAIN-SEQUENCE, STARS: WINDS},
 month = {Sep},
 pages = {L41},
 title = {{Jets from T Tauri Stars: Spectroscopic Evidence and Collimation Mechanism}},
 volume = {332},
 year = {1988}
}

@article{1990A&A...232...37M,
 adsnote = {Provided by the SAO/NASA Astrophysics Data System},
 adsurl = {https://ui.adsabs.harvard.edu/abs/1990A&A...232...37M},
 author = {{Mundt}, R. and {Buehrke}, T. and {Solf}, J. and {Ray}, T.~P. and
{Raga}, A.~C.},
 journal = {\aap},
 keywords = {Herbig-Haro Objects, Interstellar Matter, Pre-Main Sequence Stars, Stellar Mass Ejection, Stellar Motions, Astronomical Spectroscopy, Charge Coupled Devices, Hydrodynamic Equations, Kinematic Equations, Line Spectra, Space Mechanics, Astrophysics},
 month = {Jun},
 pages = {37},
 title = {{Optical jets and outflows in the HL Tauri region.}},
 volume = {232},
 year = {1990}
}

@article{1990ApJ...354..687C,
 adsnote = {Provided by the SAO/NASA Astrophysics Data System},
 adsurl = {https://ui.adsabs.harvard.edu/abs/1990ApJ...354..687C},
 author = {{Cabrit}, Sylvie and {Edwards}, Suzan and {Strom}, Stephen E. and
{Strom}, Karen M.},
 doi = {10.1086/168725},
 journal = {\apj},
 keywords = {Accretion Disks, Forbidden Bands, Infrared Radiation, Stellar Mass Accretion, Stellar Spectra, T Tauri Stars, Emission Spectra, H Alpha Line, Spectral Energy Distribution, Spectral Line Width, Stellar Envelopes, Stellar Luminosity, Stellar Winds, Astrophysics, STARS: ACCRETION, STARS: CIRCUMSTELLAR SHELLS, STARS: EMISSION-LINE, STARS: MASS LOSS, STARS: PRE--MAIN-SEQUENCE},
 month = {May},
 pages = {687},
 title = {{Forbidden-Line Emission and Infrared Excesses in T Tauri Stars: Evidence for Accretion-driven Mass Loss?}},
 volume = {354},
 year = {1990}
}

@article{1993ApJ...410L..31S,
 adsnote = {Provided by the SAO/NASA Astrophysics Data System},
 adsurl = {https://ui.adsabs.harvard.edu/abs/1993ApJ...410L..31S},
 author = {{Solf}, J. and {Boehm}, K.~H.},
 doi = {10.1086/186872},
 journal = {\apjl},
 keywords = {Emission Spectra, Interstellar Matter, Pre-Main Sequence Stars, Spectral Resolution, Stellar Spectra, Electron Density (Concentration), Forbidden Transitions, High Resolution, Line Spectra, Taurus Constellation, Astrophysics, STARS: PRE--MAIN-SEQUENCE, STARS: INDIVIDUAL CONSTELLATION NAME: DG TAURI, ISM: JETS AND OUTFLOWS},
 month = {Jun},
 pages = {L31},
 title = {{High-Resolution Long-Slit Spectral Imaging of the Mass Outflows in the Immediate Vicinity of DG Tauri}},
 volume = {410},
 year = {1993}
}

@article{1994ApJ...429..781S,
 adsnote = {Provided by the SAO/NASA Astrophysics Data System},
 adsurl = {https://ui.adsabs.harvard.edu/abs/1994ApJ...429..781S},
 author = {{Shu}, Frank and {Najita}, Joan and {Ostriker}, Eve and {Wilkin}, Frank and
{Ruden}, Steven and {Lizano}, Susana},
 doi = {10.1086/174363},
 journal = {\apj},
 keywords = {Astronomical Models, Centrifugal Force, Disk Galaxies, Magnetic Fields, Mass Flow, Protostars, Stellar Mass Accretion, T Tauri Stars, Angular Momentum, Numerical Analysis, Stellar Winds, Terminal Velocity, Astrophysics, ACCRETION, ACCRETION DISKS, MAGNETOHYDRODYNAMICS: MHD, STARS: FORMATION, STARS: MAGNETIC FIELDS, STARS: MASS LOSS, STARS: PRE--MAIN-SEQUENCE, STARS: ROTATION},
 month = {Jul},
 pages = {781},
 title = {{Magnetocentrifugally Driven Flows from Young Stars and Disks. I. A Generalized Model}},
 volume = {429},
 year = {1994}
}

@article{1994ApJ...436..125H,
 adsnote = {Provided by the SAO/NASA Astrophysics Data System},
 adsurl = {https://ui.adsabs.harvard.edu/abs/1994ApJ...436..125H},
 author = {{Hartigan}, P. and {Morse}, J.~A. and {Raymond}, J.},
 doi = {10.1086/174887},
 journal = {\apj},
 keywords = {Ionization, Plasma Jets, Shock Wave Luminescence, Shock Wave Profiles, Shock Waves, Stellar Magnetic Fields, Stellar Mass, Stellar Models, Stellar Spectra, Accretion Disks, Mass Ratios, Statistical Distributions, T Tauri Stars},
 month = {November},
 pages = {125-143},
 title = {{Mass-loss rates, ionization fractions, shock velocities, and magnetic fields of stellar jets}},
 volume = {436},
 year = {1994}
}

@article{1995ApJ...452..736H,
 adsnote = {Provided by the SAO/NASA Astrophysics Data System},
 adsurl = {https://ui.adsabs.harvard.edu/abs/1995ApJ...452..736H},
 author = {{Hartigan}, P. and {Edwards}, S. and {Ghandour}, L.},
 doi = {10.1086/176344},
 journal = {\apj},
 keywords = {ACCRETION, ACCRETION DISKS, STARS: CIRCUMSTELLAR MATTER, STARS: FORMATION, STARS: MASS LOSS, STARS: PRE-MAIN-SEQUENCE},
 month = {October},
 pages = {736},
 title = {{Disk Accretion and Mass Loss from Young Stars}},
 volume = {452},
 year = {1995}
}

@article{1997A&AS..126..437H,
 adsnote = {Provided by the SAO/NASA Astrophysics Data System},
 adsurl = {http://adsabs.harvard.edu/abs/1997A%26AS..126..437H},
 author = {{Hirth}, G.~A. and {Mundt}, R. and {Solf}, J.},
 doi = {10.1051/aas:1997275},
 journal = {\aaps},
 keywords = {STARS: PRE-MAIN-SEQUENCE, STARS: VARIABLE, STARS: EMISSION-LINE, ISM: JETS AND OUTFLOWS},
 month = {December},
 pages = {437-469},
 title = {{Spatial and kinematic properties of the forbidden emission line region of T Tauri stars}},
 volume = {126},
 year = {1997}
}

@article{1999A&A...342..717B,
 adsnote = {Provided by the SAO/NASA Astrophysics Data System},
 adsurl = {http://adsabs.harvard.edu/abs/1999A%26A...342..717B},
 author = {{Bacciotti}, F. and {Eisl{\"o}ffel}, J.},
 journal = {\aap},
 keywords = {ISM: KINEMATICS AND DYNAMICS, ISM: JETS AND OUTFLOWS, STARS: FORMATION, LINE: FORMATION},
 month = {February},
 pages = {717-735},
 title = {{Ionization and density along the beams of Herbig-Haro jets}},
 volume = {342},
 year = {1999}
}

@article{1999ApJ...523..709S,
 adsnote = {Provided by the SAO/NASA Astrophysics Data System},
 adsurl = {https://ui.adsabs.harvard.edu/abs/1999ApJ...523..709S},
 author = {{Solf}, J. and {B{\"o}hm}, K. -H.},
 doi = {10.1086/307760},
 journal = {\apj},
 keywords = {ISM: JETS AND OUTFLOWS, ISM: KINEMATICS AND DYNAMICS, STARS: INDIVIDUAL (T TAURI), STARS: PRE-MAIN-SEQUENCE, ISM: Jets and Outflows, ISM: Kinematics and Dynamics, stars: individual (T Tauri), Stars: Pre-Main-Sequence},
 month = {Oct},
 number = {2},
 pages = {709-720},
 title = {{A Deep Long-Slit Spectroscopic Study of the Two Bipolar Outflows from the T Tauri Binary System}},
 volume = {523},
 year = {1999}
}

@article{2000A&A...356L..41L,
 adsnote = {Provided by the SAO/NASA Astrophysics Data System},
 adsurl = {http://adsabs.harvard.edu/abs/2000A%26A...356L..41L},
 author = {{Lavalley-Fouquet}, C. and {Cabrit}, S. and {Dougados}, C.},
 journal = {\aap},
 keywords = {SHOCK WAVES, STARS: INDIVIDUAL:, STARS: PRE-MAIN SEQUENCE, ISM: JETS AND OUTFLOWS},
 month = {April},
 pages = {L41-L44},
 title = {{DG Tau: A shocking jet}},
 volume = {356},
 year = {2000}
}

@article{2000ApJ...537L..49B,
 adsnote = {Provided by the SAO/NASA Astrophysics Data System},
 adsurl = {http://adsabs.harvard.edu/abs/2000ApJ...537L..49B},
 author = {{Bacciotti}, F. and {Mundt}, R. and {Ray}, T.~P. and {Eisl{\"o}ffel}, J. and 
{Solf}, J. and {Camezind}, M.},
 doi = {10.1086/312745},
 eprint = {astro-ph/0005463},
 journal = {\apjl},
 keywords = {ISM: Herbig-Haro Objects, ISM: Jets and Outflows, Stars: Formation, Stars: Pre-Main-Sequence},
 month = {July},
 pages = {L49-L52},
 title = {{Hubble Space Telescope STIS Spectroscopy of the Optical Outflow from DG Tauri: Structure and Kinematics on Subarcsecond Scales}},
 volume = {537},
 year = {2000}
}

@article{2000MNRAS.312..813S,
 adsnote = {Provided by the SAO/NASA Astrophysics Data System},
 adsurl = {https://ui.adsabs.harvard.edu/abs/2000MNRAS.312..813S},
 author = {{Storey}, P.~J. and {Zeippen}, C.~J.},
 doi = {10.1046/j.1365-8711.2000.03184.x},
 journal = {\mnras},
 keywords = {ATOMIC DATA, LINE: FORMATION, TECHNIQUES: SPECTROSCOPIC, HII REGIONS, PLANETARY NEBULAE: GENERAL},
 month = {March},
 pages = {813-816},
 title = {{Theoretical values for the [OIII] 5007/4959 line-intensity ratio and homologous cases}},
 volume = {312},
 year = {2000}
}

@article{2002ApJ...581..988C,
 adsnote = {Provided by the SAO/NASA Astrophysics Data System},
 adsurl = {https://ui.adsabs.harvard.edu/abs/2002ApJ...581..988C},
 archiveprefix = {arXiv},
 author = {{Casse}, Fabien and {Keppens}, Rony},
 doi = {10.1086/344340},
 eprint = {astro-ph/0208459},
 journal = {\apj},
 keywords = {Accretion, Accretion Disks, Galaxies: Jets, ISM: Jets and Outflows, Magnetohydrodynamics: MHD, Astrophysics},
 month = {Dec},
 number = {2},
 pages = {988-1001},
 primaryclass = {astro-ph},
 title = {{Magnetized Accretion-Ejection Structures: 2.5-dimensional Magnetohydrodynamic Simulations of Continuous Ideal Jet Launching from Resistive Accretion Disks}},
 volume = {581},
 year = {2002}
}

@article{2003ApJ...583..334H,
 adsnote = {Provided by the SAO/NASA Astrophysics Data System},
 adsurl = {http://adsabs.harvard.edu/abs/2003ApJ...583..334H},
 author = {{Hartigan}, P. and {Kenyon}, S.~J.},
 doi = {10.1086/345293},
 eprint = {astro-ph/0209608},
 journal = {\apj},
 keywords = {Stars: Binaries: General, Stars: Binaries: Visual, Stars: Formation, Stars: Pre-Main-Sequence},
 month = {January},
 pages = {334-357},
 title = {{A Spectroscopic Survey of Subarcsecond Binaries in the Taurus-Auriga Dark Cloud with the Hubble Space Telescope}},
 volume = {583},
 year = {2003}
}

@article{2004ApJ...609..261H,
 adsnote = {Provided by the SAO/NASA Astrophysics Data System},
 adsurl = {http://adsabs.harvard.edu/abs/2004ApJ...609..261H},
 author = {{Hartigan}, P. and {Edwards}, S. and {Pierson}, R.},
 doi = {10.1086/386317},
 journal = {\apj},
 keywords = {Stars: Circumstellar Matter, Stars: Pre-Main-Sequence},
 month = {July},
 pages = {261-276},
 title = {{Going Slitless: Images of Forbidden-Line Emission Regions of Classical T Tauri Stars Observed with the Hubble Space Telescope}},
 volume = {609},
 year = {2004}
}

@article{2005ApJ...630..945A,
 adsnote = {Provided by the SAO/NASA Astrophysics Data System},
 adsurl = {https://ui.adsabs.harvard.edu/abs/2005ApJ...630..945A},
 archiveprefix = {arXiv},
 author = {{Anderson}, Jeffrey M. and {Li}, Zhi-Yun and {Krasnopolsky}, Ruben and
{Blandford}, Roger D.},
 doi = {10.1086/432040},
 eprint = {astro-ph/0410704},
 journal = {\apj},
 keywords = {Accretion, Accretion Disks, ISM: Jets and Outflows, Magnetohydrodynamics: MHD, Stars: Formation, Stars: Mass Loss, Stars: Pre-Main-Sequence, Astrophysics},
 month = {Sep},
 number = {2},
 pages = {945-957},
 primaryclass = {astro-ph},
 title = {{The Structure of Magnetocentrifugal Winds. I. Steady Mass Loading}},
 volume = {630},
 year = {2005}
}

@article{2005ApJ...632L.135M,
 adsnote = {Provided by the SAO/NASA Astrophysics Data System},
 adsurl = {https://ui.adsabs.harvard.edu/abs/2005ApJ...632L.135M},
 archiveprefix = {arXiv},
 author = {{Matt}, Sean and {Pudritz}, Ralph E.},
 doi = {10.1086/498066},
 eprint = {astro-ph/0510060},
 journal = {\apjl},
 keywords = {Accretion, Accretion Disks, Magnetohydrodynamics: MHD, Stars: Magnetic Fields, Stars: Pre-Main-Sequence, Stars: Rotation, Stars: Winds, Outflows, Astrophysics},
 month = {Oct},
 number = {2},
 pages = {L135-L138},
 primaryclass = {astro-ph},
 title = {{Accretion-powered Stellar Winds as a Solution to the Stellar Angular Momentum Problem}},
 volume = {632},
 year = {2005}
}

@article{2006AstL...32..759G,
 adsnote = {Provided by the SAO/NASA Astrophysics Data System},
 adsurl = {http://adsabs.harvard.edu/abs/2006AstL...32..759G},
 archiveprefix = {arXiv},
 author = {{Gontcharov}, G.~A.},
 doi = {10.1134/S1063773706110065},
 eprint = {1606.08053},
 journal = {Astronomy Letters},
 month = {November},
 pages = {759-771},
 primaryclass = {astro-ph.SR},
 title = {{Pulkovo Compilation of Radial Velocities for 35 495 Hipparcos stars in a common system}},
 volume = {32},
 year = {2006}
}

@article{2007prpl.conf..379D,
 adsnote = {Provided by the SAO/NASA Astrophysics Data System},
 adsurl = {http://adsabs.harvard.edu/abs/2007prpl.conf..379D},
 author = {{Duch{\^e}ne}, G. and {Delgado-Donate}, E. and {Haisch}, Jr., K.~E. and 
{Loinard}, L. and {Rodr{\'{\i}}guez}, L.~F.},
 eprint = {astro-ph/0603004},
 journal = {Protostars and Planets V},
 pages = {379-394},
 title = {{New Observational Frontiers in the Multiplicity of Young Stars}},
 year = {2007}
}

@article{2008ApJ...689.1112C,
 adsnote = {Provided by the SAO/NASA Astrophysics Data System},
 adsurl = {https://ui.adsabs.harvard.edu/abs/2008ApJ...689.1112C},
 archiveprefix = {arXiv},
 author = {{Coffey}, Deirdre and {Bacciotti}, Francesca and {Podio}, Linda},
 doi = {10.1086/592343},
 eprint = {0808.0617},
 journal = {\apj},
 keywords = {ISM: jets and outflows, stars: formation, stars: individual: TH 28 DG Tau CW Tau HH 30 RW Aur, stars: pre-main sequence, Astrophysics},
 month = {Dec},
 number = {2},
 pages = {1112-1126},
 primaryclass = {astro-ph},
 title = {{T Tauri Jet Physics Resolved Near the Launching Region with the Hubble Space Telescope}},
 volume = {689},
 year = {2008}
}

@article{2010ApJ...708L...5M,
 adsnote = {Provided by the SAO/NASA Astrophysics Data System},
 adsurl = {https://ui.adsabs.harvard.edu/abs/2010ApJ...708L...5M},
 archiveprefix = {arXiv},
 author = {{Mundt}, Reinhard and {Hamilton}, Catrina M. and {Herbst}, William and
{Johns-Krull}, Christopher M. and {Winn}, Joshua N.},
 doi = {10.1088/2041-8205/708/1/L5},
 eprint = {0912.1740},
 journal = {\apjl},
 keywords = {binaries: spectroscopic, circumstellar matter, ISM: jets and outflows, stars: individual: KH 15D, stars: pre-main sequence, Astrophysics - Solar and Stellar Astrophysics},
 month = {Jan},
 number = {1},
 pages = {L5-L8},
 primaryclass = {astro-ph.SR},
 title = {{Bipolar Jets Produced by a Spectroscopic Binary}},
 volume = {708},
 year = {2010}
}

@article{2010ApJ...714..989M,
 adsnote = {Provided by the SAO/NASA Astrophysics Data System},
 adsurl = {https://ui.adsabs.harvard.edu/abs/2010ApJ...714..989M},
 archiveprefix = {arXiv},
 author = {{Matt}, Sean P. and {Pinz{\'o}n}, Giovanni and {de la Reza}, Ramiro and
{Greene}, Thomas P.},
 doi = {10.1088/0004-637X/714/2/989},
 eprint = {1005.0863},
 journal = {\apj},
 keywords = {stars: individual: 97.10Cv 97.10.GZ 97.10.KC 97.21.+a, Astrophysics - Solar and Stellar Astrophysics},
 month = {May},
 number = {2},
 pages = {989-1000},
 primaryclass = {astro-ph.SR},
 title = {{Spin Evolution of Accreting Young Stars. I. Effect of Magnetic Star-Disk Coupling}},
 volume = {714},
 year = {2010}
}

@article{2012ApJ...745..119N,
 adsnote = {Provided by the SAO/NASA Astrophysics Data System},
 adsurl = {http://adsabs.harvard.edu/abs/2012ApJ...745..119N},
 archiveprefix = {arXiv},
 author = {{Nguyen}, D.~C. and {Brandeker}, A. and {van Kerkwijk}, M.~H. and 
{Jayawardhana}, R.},
 doi = {10.1088/0004-637X/745/2/119},
 eid = {119},
 eprint = {1112.0002},
 journal = {\apj},
 keywords = {binaries: close, binaries: spectroscopic, brown dwarfs, line: profiles, methods: data analysis, planetary systems, stars: formation, stars: low-mass, stars: pre-main sequence, stars: statistics},
 month = {February},
 pages = {119},
 primaryclass = {astro-ph.SR},
 title = {{Close Companions to Young Stars. I. A Large Spectroscopic Survey in Chamaeleon I and Taurus-Auriga}},
 volume = {745},
 year = {2012}
}

@article{2013A&A...550L...1S,
 adsnote = {Provided by the SAO/NASA Astrophysics Data System},
 adsurl = {http://adsabs.harvard.edu/abs/2013A%26A...550L...1S},
 archiveprefix = {arXiv},
 author = {{Schneider}, P.~C. and {Eisl{\"o}ffel}, J. and {G{\"u}del}, M. and 
{G{\"u}nther}, H.~M. and {Herczeg}, G. and {Robrade}, J. and 
{Schmitt}, J.~H.~M.~M.},
 doi = {10.1051/0004-6361/201118592},
 eid = {L1},
 eprint = {1212.6363},
 journal = {\aap},
 keywords = {stars: winds, outflows, stars: pre-main sequence, ISM: jets and outflows, ultraviolet: stars, stars: individual: DG Tauri},
 month = {February},
 pages = {L1},
 primaryclass = {astro-ph.SR},
 title = {{HST FUV C iv observations of the hot DG Tauri jet}},
 volume = {550},
 year = {2013}
}

@article{2013A&A...558A..33A,
 adsnote = {Provided by the SAO/NASA Astrophysics Data System},
 adsurl = {http://adsabs.harvard.edu/abs/2013A%26A...558A..33A},
 archiveprefix = {arXiv},
 author = {{Astropy Collaboration} and {Robitaille}, T.~P. and {Tollerud}, E.~J. and 
{Greenfield}, P. and {Droettboom}, M. and {Bray}, E. and {Aldcroft}, T. and 
{Davis}, M. and {Ginsburg}, A. and {Price-Whelan}, A.~M. and 
{Kerzendorf}, W.~E. and {Conley}, A. and {Crighton}, N. and 
{Barbary}, K. and {Muna}, D. and {Ferguson}, H. and {Grollier}, F. and 
{Parikh}, M.~M. and {Nair}, P.~H. and {Unther}, H.~M. and {Deil}, C. and 
{Woillez}, J. and {Conseil}, S. and {Kramer}, R. and {Turner}, J.~E.~H. and 
{Singer}, L. and {Fox}, R. and {Weaver}, B.~A. and {Zabalza}, V. and 
{Edwards}, Z.~I. and {Azalee Bostroem}, K. and {Burke}, D.~J. and 
{Casey}, A.~R. and {Crawford}, S.~M. and {Dencheva}, N. and 
{Ely}, J. and {Jenness}, T. and {Labrie}, K. and {Lim}, P.~L. and 
{Pierfederici}, F. and {Pontzen}, A. and {Ptak}, A. and {Refsdal}, B. and 
{Servillat}, M. and {Streicher}, O.},
 doi = {10.1051/0004-6361/201322068},
 eid = {A33},
 eprint = {1307.6212},
 journal = {\aap},
 keywords = {methods: data analysis, methods: miscellaneous, virtual observatory tools},
 month = {October},
 pages = {A33},
 primaryclass = {astro-ph.IM},
 title = {{Astropy: A community Python package for astronomy}},
 volume = {558},
 year = {2013}
}

@article{2014ApJ...784...62A,
 adsnote = {Provided by the SAO/NASA Astrophysics Data System},
 adsurl = {https://ui.adsabs.harvard.edu/abs/2014ApJ...784...62A},
 archiveprefix = {arXiv},
 author = {{Akeson}, R.~L. and {Jensen}, E.~L.~N.},
 doi = {10.1088/0004-637X/784/1/62},
 eid = {62},
 eprint = {1402.5363},
 journal = {\apj},
 keywords = {binaries: general, protoplanetary disks, stars: formation, Astrophysics - Solar and Stellar Astrophysics, Astrophysics - Earth and Planetary Astrophysics},
 month = {Mar},
 number = {1},
 pages = {62},
 primaryclass = {astro-ph.SR},
 title = {{Circumstellar Disks around Binary Stars in Taurus}},
 volume = {784},
 year = {2014}
}

@article{2014ApJ...786...63P,
 adsnote = {Provided by the SAO/NASA Astrophysics Data System},
 adsurl = {http://adsabs.harvard.edu/abs/2014ApJ...786...63P},
 archiveprefix = {arXiv},
 author = {{Pyo}, T.-S. and {Hayashi}, M. and {Beck}, T.~L. and {Davis}, C.~J. and 
{Takami}, M.},
 doi = {10.1088/0004-637X/786/1/63},
 eid = {63},
 eprint = {1403.3474},
 journal = {\apj},
 keywords = {ISM: jets and outflows, stars: formation, stars: individual: UY Aurigae, stars: low-mass, stars: pre-main sequence, techniques: high angular resolution},
 month = {May},
 pages = {63},
 primaryclass = {astro-ph.SR},
 title = {{[Fe II] Emissions Associated with the Young Interacting Binary UY Aurigae}},
 volume = {786},
 year = {2014}
}

@inproceedings{2014prpl.conf..451F,
 adsnote = {Provided by the SAO/NASA Astrophysics Data System},
 adsurl = {https://ui.adsabs.harvard.edu/abs/2014prpl.conf..451F},
 archiveprefix = {arXiv},
 author = {{Frank}, A. and {Ray}, T.~P. and {Cabrit}, S. and {Hartigan}, P. and
{Arce}, H.~G. and {Bacciotti}, F. and {Bally}, J. and {Benisty}, M. and
{Eisl{\"o}ffel}, J. and {G{\"u}del}, M. and {Lebedev}, S. and
{Nisini}, B. and {Raga}, A.},
 booktitle = {Protostars and Planets VI},
 doi = {10.2458/azu_uapress_9780816531240-ch020},
 editor = {{Beuther}, Henrik and {Klessen}, Ralf S. and {Dullemond}, Cornelis P. and
{Henning}, Thomas},
 eprint = {1402.3553},
 keywords = {Astrophysics - Solar and Stellar Astrophysics},
 month = {Jan},
 pages = {451},
 primaryclass = {astro-ph.SR},
 title = {{Jets and Outflows from Star to Cloud: Observations Confront Theory}},
 year = {2014}
}

@article{2015MNRAS.450..481D,
 adsnote = {Provided by the SAO/NASA Astrophysics Data System},
 adsurl = {https://ui.adsabs.harvard.edu/abs/2015MNRAS.450..481D},
 archiveprefix = {arXiv},
 author = {{Dyda}, S. and {Lovelace}, R.~V.~E. and {Ustyugova}, G.~V. and
{Lii}, P.~S. and {Romanova}, M.~M. and {Koldoba}, A.~V.},
 doi = {10.1093/mnras/stv623},
 eprint = {1502.01357},
 journal = {\mnras},
 keywords = {accretion, accretion discs, MHD, stars: jets, stars:protostars, stars: variables: T Tauri, Herbig Ae/Be, stars: winds, outflows, Astrophysics - High Energy Astrophysical Phenomena, Astrophysics - Solar and Stellar Astrophysics},
 month = {Jun},
 number = {1},
 pages = {481-493},
 primaryclass = {astro-ph.HE},
 title = {{Asymmetric MHD outflows/jets from accreting T Tauri stars}},
 volume = {450},
 year = {2015}
}

@article{2016A&A...595A...1G,
 adsnote = {Provided by the SAO/NASA Astrophysics Data System},
 adsurl = {http://adsabs.harvard.edu/abs/2016A%26A...595A...1G},
 archiveprefix = {arXiv},
 author = {{Gaia Collaboration} and {Prusti}, T. and {de Bruijne}, J.~H.~J. and 
{Brown}, A.~G.~A. and {Vallenari}, A. and {Babusiaux}, C. and 
{Bailer-Jones}, C.~A.~L. and {Bastian}, U. and {Biermann}, M. and 
{Evans}, D.~W. and et al.},
 doi = {10.1051/0004-6361/201629272},
 eid = {A1},
 eprint = {1609.04153},
 journal = {\aap},
 keywords = {space vehicles: instruments, Galaxy: structure, astrometry, parallaxes, proper motions, telescopes},
 month = {November},
 pages = {A1},
 primaryclass = {astro-ph.IM},
 title = {{The Gaia mission}},
 volume = {595},
 year = {2016}
}

@article{2016ApJ...827L..11O,
 adsnote = {Provided by the SAO/NASA Astrophysics Data System},
 adsurl = {https://ui.adsabs.harvard.edu/abs/2016ApJ...827L..11O},
 archiveprefix = {arXiv},
 author = {{Offner}, Stella S.~R. and {Dunham}, Michael M. and {Lee}, Katherine I. and
{Arce}, H{\'e}ctor G. and {Fielding}, Drummond B.},
 doi = {10.3847/2041-8205/827/1/L11},
 eid = {L11},
 eprint = {1606.08445},
 journal = {\apjl},
 keywords = {binaries: general, ISM: jets and outflows, stars: formation, stars: low-mass, stars: winds, outflows, turbulence, Astrophysics - Solar and Stellar Astrophysics, Astrophysics - Astrophysics of Galaxies},
 month = {Aug},
 number = {1},
 pages = {L11},
 primaryclass = {astro-ph.SR},
 title = {{The Turbulent Origin of Outflow and Spin Misalignment in Multiple Star Systems}},
 volume = {827},
 year = {2016}
}

@article{2017ApJ...845..161A,
 adsnote = {Provided by the SAO/NASA Astrophysics Data System},
 adsurl = {http://adsabs.harvard.edu/abs/2017ApJ...845..161A},
 author = {{Allen}, T.~S. and {Prato}, L. and {Wright-Garba}, N. and {Schaefer}, G. and 
{Biddle}, L.~I. and {Skiff}, B. and {Avilez}, I. and {Muzzio}, R. and 
{Simon}, M.},
 doi = {10.3847/1538-4357/aa8094},
 eid = {161},
 journal = {\apj},
 keywords = {binaries: visual, stars: fundamental parameters, stars: individual: DF Tau, stars: pre-main sequence },
 month = {August},
 pages = {161},
 title = {{Properties of the Closest Young Binaries. I. DF Tau{\rsquo}s Unequal Circumstellar Disk Evolution}},
 volume = {845},
 year = {2017}
}

@article{2018A&A...616A...1G,
 adsnote = {Provided by the SAO/NASA Astrophysics Data System},
 adsurl = {http://adsabs.harvard.edu/abs/2018A%26A...616A...1G},
 archiveprefix = {arXiv},
 author = {{Gaia Collaboration} and {Brown}, A.~G.~A. and {Vallenari}, A. and 
{Prusti}, T. and {de Bruijne}, J.~H.~J. and {Babusiaux}, C. and 
{Bailer-Jones}, C.~A.~L. and {Biermann}, M. and {Evans}, D.~W. and 
{Eyer}, L. and et al.},
 doi = {10.1051/0004-6361/201833051},
 eid = {A1},
 eprint = {1804.09365},
 journal = {\aap},
 keywords = {catalogs, astrometry, techniques: radial velocities, stars: fundamental parameters, stars: variables: general, minor planets, asteroids: general},
 month = {August},
 pages = {A1},
 title = {{Gaia Data Release 2. Summary of the contents and survey properties}},
 volume = {616},
 year = {2018}
}

@article{2018AJ....156..123A,
 adsnote = {Provided by the SAO/NASA Astrophysics Data System},
 adsurl = {http://adsabs.harvard.edu/abs/2018AJ....156..123A},
 archiveprefix = {arXiv},
 author = {{Astropy Collaboration} and {Price-Whelan}, A.~M. and {Sip{\H o}cz}, B.~M. and 
{G{\"u}nther}, H.~M. and {Lim}, P.~L. and {Crawford}, S.~M. and 
{Conseil}, S. and {Shupe}, D.~L. and {Craig}, M.~W. and {Dencheva}, N. and 
{Ginsburg}, A. and {VanderPlas}, J.~T. and {Bradley}, L.~D. and 
{P{\'e}rez-Su{\'a}rez}, D. and {de Val-Borro}, M. and {Aldcroft}, T.~L. and 
{Cruz}, K.~L. and {Robitaille}, T.~P. and {Tollerud}, E.~J. and 
{Ardelean}, C. and {Babej}, T. and {Bach}, Y.~P. and {Bachetti}, M. and 
{Bakanov}, A.~V. and {Bamford}, S.~P. and {Barentsen}, G. and 
{Barmby}, P. and {Baumbach}, A. and {Berry}, K.~L. and {Biscani}, F. and 
{Boquien}, M. and {Bostroem}, K.~A. and {Bouma}, L.~G. and {Brammer}, G.~B. and 
{Bray}, E.~M. and {Breytenbach}, H. and {Buddelmeijer}, H. and 
{Burke}, D.~J. and {Calderone}, G. and {Cano Rodr{\'{\i}}guez}, J.~L. and 
{Cara}, M. and {Cardoso}, J.~V.~M. and {Cheedella}, S. and {Copin}, Y. and 
{Corrales}, L. and {Crichton}, D. and {D'Avella}, D. and {Deil}, C. and 
{Depagne}, {\'E}. and {Dietrich}, J.~P. and {Donath}, A. and 
{Droettboom}, M. and {Earl}, N. and {Erben}, T. and {Fabbro}, S. and 
{Ferreira}, L.~A. and {Finethy}, T. and {Fox}, R.~T. and {Garrison}, L.~H. and 
{Gibbons}, S.~L.~J. and {Goldstein}, D.~A. and {Gommers}, R. and 
{Greco}, J.~P. and {Greenfield}, P. and {Groener}, A.~M. and 
{Grollier}, F. and {Hagen}, A. and {Hirst}, P. and {Homeier}, D. and 
{Horton}, A.~J. and {Hosseinzadeh}, G. and {Hu}, L. and {Hunkeler}, J.~S. and 
{Ivezi{\'c}}, {\v Z}. and {Jain}, A. and {Jenness}, T. and {Kanarek}, G. and 
{Kendrew}, S. and {Kern}, N.~S. and {Kerzendorf}, W.~E. and 
{Khvalko}, A. and {King}, J. and {Kirkby}, D. and {Kulkarni}, A.~M. and 
{Kumar}, A. and {Lee}, A. and {Lenz}, D. and {Littlefair}, S.~P. and 
{Ma}, Z. and {Macleod}, D.~M. and {Mastropietro}, M. and {McCully}, C. and 
{Montagnac}, S. and {Morris}, B.~M. and {Mueller}, M. and {Mumford}, S.~J. and 
{Muna}, D. and {Murphy}, N.~A. and {Nelson}, S. and {Nguyen}, G.~H. and 
{Ninan}, J.~P. and {N{\"o}the}, M. and {Ogaz}, S. and {Oh}, S. and 
{Parejko}, J.~K. and {Parley}, N. and {Pascual}, S. and {Patil}, R. and 
{Patil}, A.~A. and {Plunkett}, A.~L. and {Prochaska}, J.~X. and 
{Rastogi}, T. and {Reddy Janga}, V. and {Sabater}, J. and {Sakurikar}, P. and 
{Seifert}, M. and {Sherbert}, L.~E. and {Sherwood-Taylor}, H. and 
{Shih}, A.~Y. and {Sick}, J. and {Silbiger}, M.~T. and {Singanamalla}, S. and 
{Singer}, L.~P. and {Sladen}, P.~H. and {Sooley}, K.~A. and 
{Sornarajah}, S. and {Streicher}, O. and {Teuben}, P. and {Thomas}, S.~W. and 
{Tremblay}, G.~R. and {Turner}, J.~E.~H. and {Terr{\'o}n}, V. and 
{van Kerkwijk}, M.~H. and {de la Vega}, A. and {Watkins}, L.~L. and 
{Weaver}, B.~A. and {Whitmore}, J.~B. and {Woillez}, J. and 
{Zabalza}, V. and {Astropy Contributors}},
 doi = {10.3847/1538-3881/aabc4f},
 eid = {123},
 eprint = {1801.02634},
 journal = {\aj},
 keywords = {methods: data analysis, methods: miscellaneous, methods: statistical, reference systems},
 month = {September},
 pages = {123},
 primaryclass = {astro-ph.IM},
 title = {{The Astropy Project: Building an Open-science Project and Status of the v2.0 Core Package}},
 volume = {156},
 year = {2018}
}

@article{2018ApJ...855..143S,
 adsnote = {Provided by the SAO/NASA Astrophysics Data System},
 adsurl = {https://ui.adsabs.harvard.edu/abs/2018ApJ...855..143S},
 archiveprefix = {arXiv},
 author = {{Skinner}, S.~L. and {Schneider}, P.~C. and {Audard}, M. and 
{G{\"u}del}, M.},
 doi = {10.3847/1538-4357/aaab58},
 eid = {143},
 eprint = {1801.08568},
 journal = {\apj},
 keywords = {ISM: jets and outflows, stars: individual: RY Tau, stars: mass-loss, stars: pre-main sequence, ultraviolet: stars},
 month = {March},
 pages = {143},
 primaryclass = {astro-ph.SR},
 title = {{Resolving the Inner Arcsecond of the RY Tau Jet with HST}},
 volume = {855},
 year = {2018}
}

@article{2018ApJ...861...11S,
 adsnote = {Provided by the SAO/NASA Astrophysics Data System},
 adsurl = {https://ui.adsabs.harvard.edu/abs/2018ApJ...861...11S},
 archiveprefix = {arXiv},
 author = {{Sheikhnezami}, Somayeh and {Fendt}, Christian},
 doi = {10.3847/1538-4357/aac5dc},
 eid = {11},
 eprint = {1805.05962},
 journal = {\apj},
 keywords = {accretion, accretion disks, galaxies: jets, ISM: jets and outflows, magnetohydrodynamics: MHD, stars: mass loss, stars: pre-main sequence, Astrophysics - High Energy Astrophysical Phenomena},
 month = {Jul},
 number = {1},
 pages = {11},
 primaryclass = {astro-ph.HE},
 title = {{Long-term Simulation of MHD Jet Launching in an Orbiting Star-Disk System}},
 volume = {861},
 year = {2018}
}

@ARTICLE{2014ComAC...1....3L,
       author = {{Lovelace}, Richard V.~E. and {Romanova}, Marina M. and {Lii}, Patrick and
         {Dyda}, Sergei},
        title = "{On the origin of jets from disc-accreting magnetized stars}",
      journal = {Computational Astrophysics and Cosmology},
         year = "2014",
        month = "Sep",
       volume = {1},
          eid = {3},
        pages = {3},
          doi = {10.1186/s40668-014-0003-5},
       adsurl = {https://ui.adsabs.harvard.edu/abs/2014ComAC...1....3L},
      adsnote = {Provided by the SAO/NASA Astrophysics Data System}
}

